<record><leader>00000cas a22000007a 4500</leader><controlfield tag="001">17606703</controlfield><controlfield tag="008">880310d19641970lauwr ne      0    0eng d</controlfield><datafield ind1=" " ind2=" " tag="010"><subfield code="a">sn 88064243 </subfield></datafield><datafield ind1=" " ind2=" " tag="040"><subfield code="a">LNP</subfield><subfield code="b">eng</subfield><subfield code="c">LNP</subfield><subfield code="d">OCLCQ</subfield></datafield><datafield ind1=" " ind2=" " tag="042"><subfield code="a">msc</subfield></datafield><datafield ind1="0" ind2="0" tag="245"><subfield code="a">Mandeville bantam.</subfield></datafield><datafield ind1=" " ind2=" " tag="260"><subfield code="a">Covington, La. :</subfield><subfield code="b">Nick Murray, Jr.</subfield></datafield><datafield ind1=" " ind2=" " tag="310"><subfield code="a">Weekly</subfield></datafield><datafield ind1="1" ind2=" " tag="362"><subfield code="a">Began in 1964.</subfield></datafield><datafield ind1="0" ind2=" " tag="362"><subfield code="a">-v. 6, no. 43 (Feb. 20, 1970).</subfield></datafield><datafield ind1=" " ind2=" " tag="500"><subfield code="a">Published in Mandeville, July 17, 1964-1970.</subfield></datafield><datafield ind1=" " ind2=" " tag="588"><subfield code="a">Description based on: Vol. 1, no. 2 (May 8, 1964).</subfield></datafield><datafield ind1=" " ind2=" " tag="752"><subfield code="a">United States</subfield><subfield code="b">Louisiana</subfield><subfield code="c">Saint Tammany</subfield><subfield code="d">Covington.</subfield></datafield><datafield ind1=" " ind2=" " tag="752"><subfield code="a">United States</subfield><subfield code="b">Louisiana</subfield><subfield code="c">Saint Tammany</subfield><subfield code="d">Mandeville.</subfield></datafield><datafield ind1="0" ind2="0" tag="785"><subfield code="t">Bantam (Mandeville, La.)</subfield><subfield code="w">(DLC)sn 88064244</subfield></datafield><datafield ind1="1" ind2=" " tag="029"><subfield code="a">AU@</subfield><subfield code="b">000025825341</subfield></datafield></record>